@book{goossens93,
    author    = "Michel Goossens and Frank Mittlebach and Alexander Samarin",
    title     = "The LaTeX Companion",
    year      = "1993",
    publisher = "Addison-Wesley",
    address   = "Reading, Massachusetts"
}

@article{chen2014critical,
	author = {Chen, Li and Kang, Qinjun and Mu, Yutong and He, Ya-Ling and Tao, Wen-Quan },
	title = {A critical review of the pseudopotential multiphase lattice Boltzmann model: Methods and applications},
	journal = {International Journal of Heat and Mass Transfer},
	year = {2014},
	publisher = {Elsevier},
	volume = {76},
	pages = {210--236}
}